@inproceedings{Gatys:2016:IST,
  title={Image style transfer using convolutional neural networks},
  author={Gatys, Leon A and Ecker, Alexander S and Bethge, Matthias},
  booktitle={CVPR '16},
  pages={2414--2423},
doi={10.1109/CVPR.2016.265}, 
  year={2016},
}%inproceedings

@misc{StackExchange:2011:HLI,
 title = {How to link images relatively in Inkscape?},
 author = {Stackexchange},
 year = {2011},
 note = {\url{http://graphicdesign.stackexchange.com/questions/4906/how-to-link-images-relatively-in-inkscape}},
}%misc

@inproceedings{Wei:2009:STTS,
 title = {State of the Art in Example-based Texture Synthesis},
 author = {Li-Yi Wei and Sylvain Lefebvre and Vivek Kwatra and Greg Turk},
 booktitle = {Eurographics '09 State of the Art Report},
 year = {2009},
 pages = {93--117},
}%inproceedings

@article{Barnes:2009:PRC,
 author = {Barnes, Connelly and Shechtman, Eli and Finkelstein, Adam and Goldman, Dan B},
 title = {PatchMatch: A Randomized Correspondence Algorithm for Structural Image Editing},
 journal = {ACM Trans. Graph.},
 issue_date = {August 2009},
 volume = {28},
 number = {3},
 month = jul,
 year = {2009},
 issn = {0730-0301},
 pages = {24:1--24:11},
 articleno = {24},
 numpages = {11},
 url = {http://doi.acm.org/10.1145/1531326.1531330},
 doi = {10.1145/1531326.1531330},
 acmid = {1531330},
 keywords = {approximate nearest neighbor, completion, image editing, patch-based synthesis, reshuffling, retargeting},
} 

@article{Lu:2007:CT,
 author = {Lu, Jianye and Georghiades, Athinodoros S. and Glaser, Andreas and Wu, Hongzhi and Wei, Li-Yi and Guo, Baining and Dorsey, Julie and Rushmeier, Holly},
 title = {Context-aware Textures},
 journal = {ACM Trans. Graph.},
 issue_date = {January 2007},
 volume = {26},
 number = {1},
 month = jan,
 year = {2007},
 issn = {0730-0301},
 articleno = {3},
 url = {http://doi.acm.org/10.1145/1189762.1189765},
 doi = {10.1145/1189762.1189765},
 acmid = {1189765},
 keywords = {Aging, data capture, natural phenomenon, realistic rendering, texture synthesis, weathering},
}%article

@article{Han:2006:TDO,
 title={Fast example-based surface texture synthesis via discrete optimization},
 author={Han, Jianwei and Zhou, Kun and Wei, Li-Yi and Gong, Minmin and Bao, Hujun and Zhang, Xinming and Guo, Baining},
 year={2006},
 journal={The Visual Computer},
 volume={22},
 number={9-11},
 pages={918-925},
 doi={10.1007/s00371-006-0078-3},
 url={http://dx.doi.org/10.1007/s00371-006-0078-3},
 _issn={0178-2789},
 _publisher={Springer-Verlag},
 keywords={Texture synthesis; Texture mapping; Flow visualization; Texture animation; Energy minimization},
}%article

@article{Kwatra:2005:TOE,
 author = {Kwatra, Vivek and Essa, Irfan and Bobick, Aaron and Kwatra, Nipun},
 title = {Texture Optimization for Example-based Synthesis},
 journal = {ACM Trans. Graph.},
 issue_date = {July 2005},
 volume = {24},
 number = {3},
 month = jul,
 year = {2005},
 issn = {0730-0301},
 pages = {795--802},
 numpages = {8},
 url = {http://doi.acm.org/10.1145/1073204.1073263},
 doi = {10.1145/1073204.1073263},
 acmid = {1073263},
 keywords = {energy minimization, flow visualization, image-based rendering, texture animation, texture synthesis},
}%article 

@article{Tong:2002:SBT,
 author = {Tong, Xin and Zhang, Jingdan and Liu, Ligang and Wang, Xi and Guo, Baining and Shum, Heung-Yeung},
 title = {Synthesis of Bidirectional Texture Functions on Arbitrary Surfaces},
 journal = {ACM Trans. Graph.},
 issue_date = {July 2002},
 volume = {21},
 number = {3},
 month = jul,
 year = {2002},
 issn = {0730-0301},
 pages = {665--672},
 numpages = {8},
 url = {http://doi.acm.org/10.1145/566654.566634},
 doi = {10.1145/566654.566634},
 acmid = {566634},
 keywords = {3D textons, bidirectional texture function, reflectance and shading models, surfaces, texture mapping, texture synthesis},
} 

@phdthesis{Wei:2002:TSF,
 author = {Wei, Li-Yi},
 advisor = {Levoy, Marc},
 title = {Texture Synthesis by Fixed Neighborhood Searching},
 year = {2002},
 isbn = {0-493-52003-1},
 _note = {AAI3038169},
 publisher = {Stanford University},
 address = {Stanford, CA, USA},
}%phdthesis 

@inproceedings{Wei:2000:FTS,
 author = {Wei, Li-Yi and Levoy, Marc},
 title = {Fast Texture Synthesis Using Tree-structured Vector Quantization},
 _booktitle = {Proceedings of the 27th Annual Conference on Computer Graphics and Interactive Techniques},
 booktitle = {SIGGRAPH '00},
 year = {2000},
 isbn = {1-58113-208-5},
 pages = {479--488},
 numpages = {10},
 url = {http://dx.doi.org/10.1145/344779.345009},
 doi = {10.1145/344779.345009},
 acmid = {345009},
 keywords = {compression algorithms, image processing, texture synthesis},
} 

@inproceedings{Efros:1999:TSN,
 author = {Efros, Alexei A. and Leung, Thomas K.},
 title = {Texture Synthesis by Non-Parametric Sampling},
 _booktitle = {Proceedings of the International Conference on Computer Vision-Volume 2 - Volume 2},
 booktitle = {ICCV '99},
 year = {1999},
 _isbn = {0-7695-0164-8},
 pages = {1033--},
 _url = {http://dl.acm.org/citation.cfm?id=850924.851569},
 acmid = {851569},
 _publisher = {IEEE Computer Society},
 _address = {Washington, DC, USA},
}
