@article{Sun:2016:MVP,
 author = {Sun, Qi and Wei, Li-Yi and Kaufman, Arie},
 title = {Mapping Virtual and Physical Reality},
 journal = {ACM Trans. Graph.},
 issue_date = {July 2016},
 volume = {35},
 number = {4},
 month = jul,
 year = {2016},
 issn = {0730-0301},
 pages = {64:1--64:12},
 articleno = {64},
 numpages = {12},
 url = {http://doi.acm.org/10.1145/2897824.2925883},
 doi = {10.1145/2897824.2925883},
 acmid = {2925883},
 keywords = {camera projection, geometry morphing, head-mounted display, human perception, planar map, real-time rendering, redirected walking, virtual reality, warped space},
} 

@misc{StackExchange:2011:HLI,
 title = {How to link images relatively in Inkscape?},
 author = {Stackexchange},
 year = {2011},
 note = {\url{http://graphicdesign.stackexchange.com/questions/4906/how-to-link-images-relatively-in-inkscape}},
}%misc
